%YAML 1.1
%TAG !u! tag:unity3d.com,2011:
--- !u!1 &1614106459307123945
GameObject:
  m_ObjectHideFlags: 0
  m_CorrespondingSourceObject: {fileID: 0}
  m_PrefabInstance: {fileID: 0}
  m_PrefabAsset: {fileID: 0}
  serializedVersion: 6
  m_Component:
  - component: {fileID: 2840021329258166535}
  - component: {fileID: 3575482626155896119}
  - component: {fileID: 5861550803923914059}
  - component: {fileID: 4054412782653520683}
  m_Layer: 8
  m_Name: Capsule
  m_TagString: Untagged
  m_Icon: {fileID: 0}
  m_NavMeshLayer: 0
  m_StaticEditorFlags: 0
  m_IsActive: 1
--- !u!4 &2840021329258166535
Transform:
  m_ObjectHideFlags: 0
  m_CorrespondingSourceObject: {fileID: 0}
  m_PrefabInstance: {fileID: 0}
  m_PrefabAsset: {fileID: 0}
  m_GameObject: {fileID: 1614106459307123945}
  m_LocalRotation: {x: 0, y: 0, z: 0, w: 1}
  m_LocalPosition: {x: 0, y: 1, z: 0}
  m_LocalScale: {x: 1, y: 1, z: 1}
  m_Children: []
  m_Father: {fileID: 7395794517165475960}
  m_RootOrder: 0
  m_LocalEulerAnglesHint: {x: 0, y: 0, z: 0}
--- !u!33 &3575482626155896119
MeshFilter:
  m_ObjectHideFlags: 0
  m_CorrespondingSourceObject: {fileID: 0}
  m_PrefabInstance: {fileID: 0}
  m_PrefabAsset: {fileID: 0}
  m_GameObject: {fileID: 1614106459307123945}
  m_Mesh: {fileID: 10208, guid: 0000000000000000e000000000000000, type: 0}
--- !u!23 &5861550803923914059
MeshRenderer:
  m_ObjectHideFlags: 0
  m_CorrespondingSourceObject: {fileID: 0}
  m_PrefabInstance: {fileID: 0}
  m_PrefabAsset: {fileID: 0}
  m_GameObject: {fileID: 1614106459307123945}
  m_Enabled: 1
  m_CastShadows: 1
  m_ReceiveShadows: 1
  m_DynamicOccludee: 1
  m_MotionVectors: 1
  m_LightProbeUsage: 1
  m_ReflectionProbeUsage: 1
  m_RenderingLayerMask: 1
  m_RendererPriority: 0
  m_Materials:
  - {fileID: 2100000, guid: 5040ac4f6535d3d4ab1a17e6bf25f8bc, type: 2}
  m_StaticBatchInfo:
    firstSubMesh: 0
    subMeshCount: 0
  m_StaticBatchRoot: {fileID: 0}
  m_ProbeAnchor: {fileID: 0}
  m_LightProbeVolumeOverride: {fileID: 0}
  m_ScaleInLightmap: 1
  m_ReceiveGI: 1
  m_PreserveUVs: 0
  m_IgnoreNormalsForChartDetection: 0
  m_ImportantGI: 0
  m_StitchLightmapSeams: 1
  m_SelectedEditorRenderState: 3
  m_MinimumChartSize: 4
  m_AutoUVMaxDistance: 0.5
  m_AutoUVMaxAngle: 89
  m_LightmapParameters: {fileID: 0}
  m_SortingLayerID: 0
  m_SortingLayer: 0
  m_SortingOrder: 0
--- !u!136 &4054412782653520683
CapsuleCollider:
  m_ObjectHideFlags: 0
  m_CorrespondingSourceObject: {fileID: 0}
  m_PrefabInstance: {fileID: 0}
  m_PrefabAsset: {fileID: 0}
  m_GameObject: {fileID: 1614106459307123945}
  m_Material: {fileID: 0}
  m_IsTrigger: 0
  m_Enabled: 1
  m_Radius: 0.5
  m_Height: 2
  m_Direction: 1
  m_Center: {x: 0, y: 0, z: 0}
--- !u!1 &2782794008652401057
GameObject:
  m_ObjectHideFlags: 0
  m_CorrespondingSourceObject: {fileID: 0}
  m_PrefabInstance: {fileID: 0}
  m_PrefabAsset: {fileID: 0}
  serializedVersion: 6
  m_Component:
  - component: {fileID: 7395794517165475960}
  m_Layer: 8
  m_Name: Graphics
  m_TagString: Untagged
  m_Icon: {fileID: 0}
  m_NavMeshLayer: 0
  m_StaticEditorFlags: 0
  m_IsActive: 1
--- !u!4 &7395794517165475960
Transform:
  m_ObjectHideFlags: 0
  m_CorrespondingSourceObject: {fileID: 0}
  m_PrefabInstance: {fileID: 0}
  m_PrefabAsset: {fileID: 0}
  m_GameObject: {fileID: 2782794008652401057}
  m_LocalRotation: {x: 0, y: 0, z: 0, w: 1}
  m_LocalPosition: {x: 0, y: 0, z: 0}
  m_LocalScale: {x: 1, y: 1, z: 1}
  m_Children:
  - {fileID: 2840021329258166535}
  - {fileID: 1491883466096621672}
  m_Father: {fileID: 2328025120046595854}
  m_RootOrder: 0
  m_LocalEulerAnglesHint: {x: 0, y: 0, z: 0}
--- !u!1 &3041362666398720632
GameObject:
  m_ObjectHideFlags: 0
  m_CorrespondingSourceObject: {fileID: 0}
  m_PrefabInstance: {fileID: 0}
  m_PrefabAsset: {fileID: 0}
  serializedVersion: 6
  m_Component:
  - component: {fileID: 2328025120046595854}
  - component: {fileID: 1631221408386979961}
  - component: {fileID: 6570223105803081382}
  - component: {fileID: 2715982663366989767}
  - component: {fileID: -3728268191602418371}
  m_Layer: 8
  m_Name: Player
  m_TagString: Player
  m_Icon: {fileID: 0}
  m_NavMeshLayer: 0
  m_StaticEditorFlags: 0
  m_IsActive: 1
--- !u!4 &2328025120046595854
Transform:
  m_ObjectHideFlags: 0
  m_CorrespondingSourceObject: {fileID: 0}
  m_PrefabInstance: {fileID: 0}
  m_PrefabAsset: {fileID: 0}
  m_GameObject: {fileID: 3041362666398720632}
  m_LocalRotation: {x: 0, y: 0, z: 0, w: 1}
  m_LocalPosition: {x: 0, y: 0, z: 0}
  m_LocalScale: {x: 1, y: 1, z: 1}
  m_Children:
  - {fileID: 7395794517165475960}
  m_Father: {fileID: 0}
  m_RootOrder: 0
  m_LocalEulerAnglesHint: {x: 0, y: 0, z: 0}
--- !u!54 &1631221408386979961
Rigidbody:
  m_ObjectHideFlags: 0
  m_CorrespondingSourceObject: {fileID: 0}
  m_PrefabInstance: {fileID: 0}
  m_PrefabAsset: {fileID: 0}
  m_GameObject: {fileID: 3041362666398720632}
  serializedVersion: 2
  m_Mass: 1
  m_Drag: 0
  m_AngularDrag: 0.05
  m_UseGravity: 1
  m_IsKinematic: 0
  m_Interpolate: 0
  m_Constraints: 116
  m_CollisionDetection: 0
--- !u!114 &6570223105803081382
MonoBehaviour:
  m_ObjectHideFlags: 0
  m_CorrespondingSourceObject: {fileID: 0}
  m_PrefabInstance: {fileID: 0}
  m_PrefabAsset: {fileID: 0}
  m_GameObject: {fileID: 3041362666398720632}
  m_Enabled: 1
  m_EditorHideFlags: 0
  m_Script: {fileID: 11500000, guid: b22433cfa7f7419418167a15d8606b01, type: 3}
  m_Name: 
  m_EditorClassIdentifier: 
  speed: 7
--- !u!114 &2715982663366989767
MonoBehaviour:
  m_ObjectHideFlags: 0
  m_CorrespondingSourceObject: {fileID: 0}
  m_PrefabInstance: {fileID: 0}
  m_PrefabAsset: {fileID: 0}
  m_GameObject: {fileID: 3041362666398720632}
  m_Enabled: 1
  m_EditorHideFlags: 0
  m_Script: {fileID: 11500000, guid: 9a7a162fbc548eb44ab20834aee824bd, type: 3}
  m_Name: 
  m_EditorClassIdentifier: 
--- !u!114 &-3728268191602418371
MonoBehaviour:
  m_ObjectHideFlags: 0
  m_CorrespondingSourceObject: {fileID: 0}
  m_PrefabInstance: {fileID: 0}
  m_PrefabAsset: {fileID: 0}
  m_GameObject: {fileID: 3041362666398720632}
  m_Enabled: 1
  m_EditorHideFlags: 0
  m_Script: {fileID: 11500000, guid: 06eafae4b0da27f42abd0fe009a692d9, type: 3}
  m_Name: 
  m_EditorClassIdentifier: 
  shootingPoint: {fileID: 4301310122743454280}
  projectilePrefab: {fileID: 329805004843546586, guid: ad6b147d099577b4d89b1f397c38b4bc,
    type: 3}
  fireRate: 5
--- !u!1001 &7534939295899391512
PrefabInstance:
  m_ObjectHideFlags: 0
  serializedVersion: 2
  m_Modification:
    m_TransformParent: {fileID: 7395794517165475960}
    m_Modifications:
    - target: {fileID: 398473562757925238, guid: 4e5cd2bc9dc74654fb0419a2b4452f3f,
        type: 3}
      propertyPath: m_Name
      value: Pistol
      objectReference: {fileID: 0}
    - target: {fileID: 398473562757925238, guid: 4e5cd2bc9dc74654fb0419a2b4452f3f,
        type: 3}
      propertyPath: m_Layer
      value: 8
      objectReference: {fileID: 0}
    - target: {fileID: 8945634598713339504, guid: 4e5cd2bc9dc74654fb0419a2b4452f3f,
        type: 3}
      propertyPath: m_LocalPosition.x
      value: 0.178
      objectReference: {fileID: 0}
    - target: {fileID: 8945634598713339504, guid: 4e5cd2bc9dc74654fb0419a2b4452f3f,
        type: 3}
      propertyPath: m_LocalPosition.y
      value: 1.036
      objectReference: {fileID: 0}
    - target: {fileID: 8945634598713339504, guid: 4e5cd2bc9dc74654fb0419a2b4452f3f,
        type: 3}
      propertyPath: m_LocalPosition.z
      value: 0.557
      objectReference: {fileID: 0}
    - target: {fileID: 8945634598713339504, guid: 4e5cd2bc9dc74654fb0419a2b4452f3f,
        type: 3}
      propertyPath: m_LocalRotation.x
      value: 0
      objectReference: {fileID: 0}
    - target: {fileID: 8945634598713339504, guid: 4e5cd2bc9dc74654fb0419a2b4452f3f,
        type: 3}
      propertyPath: m_LocalRotation.y
      value: 0
      objectReference: {fileID: 0}
    - target: {fileID: 8945634598713339504, guid: 4e5cd2bc9dc74654fb0419a2b4452f3f,
        type: 3}
      propertyPath: m_LocalRotation.z
      value: 0
      objectReference: {fileID: 0}
    - target: {fileID: 8945634598713339504, guid: 4e5cd2bc9dc74654fb0419a2b4452f3f,
        type: 3}
      propertyPath: m_LocalRotation.w
      value: 1
      objectReference: {fileID: 0}
    - target: {fileID: 8945634598713339504, guid: 4e5cd2bc9dc74654fb0419a2b4452f3f,
        type: 3}
      propertyPath: m_RootOrder
      value: 1
      objectReference: {fileID: 0}
    - target: {fileID: 8945634598713339504, guid: 4e5cd2bc9dc74654fb0419a2b4452f3f,
        type: 3}
      propertyPath: m_LocalEulerAnglesHint.x
      value: 0
      objectReference: {fileID: 0}
    - target: {fileID: 8945634598713339504, guid: 4e5cd2bc9dc74654fb0419a2b4452f3f,
        type: 3}
      propertyPath: m_LocalEulerAnglesHint.y
      value: 0
      objectReference: {fileID: 0}
    - target: {fileID: 8945634598713339504, guid: 4e5cd2bc9dc74654fb0419a2b4452f3f,
        type: 3}
      propertyPath: m_LocalEulerAnglesHint.z
      value: 0
      objectReference: {fileID: 0}
    - target: {fileID: 671746225250601742, guid: 4e5cd2bc9dc74654fb0419a2b4452f3f,
        type: 3}
      propertyPath: m_Layer
      value: 8
      objectReference: {fileID: 0}
    - target: {fileID: 5537489382610395808, guid: 4e5cd2bc9dc74654fb0419a2b4452f3f,
        type: 3}
      propertyPath: m_Layer
      value: 8
      objectReference: {fileID: 0}
    - target: {fileID: 4795730519549678809, guid: 4e5cd2bc9dc74654fb0419a2b4452f3f,
        type: 3}
      propertyPath: m_Layer
      value: 8
      objectReference: {fileID: 0}
    - target: {fileID: 4229756196365695808, guid: 4e5cd2bc9dc74654fb0419a2b4452f3f,
        type: 3}
      propertyPath: m_Layer
      value: 8
      objectReference: {fileID: 0}
    m_RemovedComponents:
    - {fileID: 1091714056633021883, guid: 4e5cd2bc9dc74654fb0419a2b4452f3f, type: 3}
  m_SourcePrefab: {fileID: 100100000, guid: 4e5cd2bc9dc74654fb0419a2b4452f3f, type: 3}
--- !u!4 &1491883466096621672 stripped
Transform:
  m_CorrespondingSourceObject: {fileID: 8945634598713339504, guid: 4e5cd2bc9dc74654fb0419a2b4452f3f,
    type: 3}
  m_PrefabInstance: {fileID: 7534939295899391512}
  m_PrefabAsset: {fileID: 0}
--- !u!4 &4301310122743454280 stripped
Transform:
  m_CorrespondingSourceObject: {fileID: 5989833246993370192, guid: 4e5cd2bc9dc74654fb0419a2b4452f3f,
    type: 3}
  m_PrefabInstance: {fileID: 7534939295899391512}
  m_PrefabAsset: {fileID: 0}
